% Encoding: UTF-8
<pre>

@Article{Glasman2016,
  author     = {Glasman, Saul},
  title      = {A spectrum-level {H}odge filtration on topological {H}ochschild homology},
  journal    = {Selecta Mathematica. New Series},
  year       = {2016},
  volume     = {22},
  number     = {3},
  pages      = {1583--1612},
  issn       = {1022-1824},
  doi        = {10.1007/s00029-016-0228-z},
  keywords   = {18F25 (16E40 55P43)},
  mrnumber   = {3518559},
  mrreviewer = {Markus Szymik},
}
		</pre>
		<pre>

@InCollection{Lemarie-Rieusset2016,
  author     = {Lemari\'e-Rieusset, Pierre Gilles},
  title      = {Parabolic {M}orrey spaces and mild solutions of the {N}avier-{S}tokes equations. {A}n interesting answer through a silly method to a stupid question},
  booktitle  = {Recent progress in the theory of the {E}uler and {N}avier-{S}tokes equations},
  publisher  = {Cambridge Univ. Press, Cambridge},
  year       = {2016},
  volume     = {430},
  series     = {London Math. Soc. Lecture Note Ser.},
  pages      = {126--136},
  keywords   = {35Q30 (76D03 76D05)},
  mrnumber   = {3497690},
  mrreviewer = {J\"urgen Socolowsky},
}
		</pre>
		<pre>

@InCollection{Boldo2015,
  author    = {Boldo, Sylvie},
  title     = {Stupid is as stupid does: taking the square root of the square of a floating-point number},
  booktitle = {The {S}eventh and {E}ighth {I}nternational {W}orkshops on {N}umerical {S}oftware {V}erification ({NSV})},
  publisher = {Elsevier Sci. B. V., Amsterdam},
  year      = {2015},
  volume    = {317},
  series    = {Electron. Notes Theor. Comput. Sci.},
  pages     = {27--32},
  doi       = {10.1016/j.entcs.2015.10.004},
  keywords  = {65G99 (03B35 65D20)},
  mrnumber  = {3478102},
}
		</pre>
		<pre>

@Article{Cohen2014,
  author     = {Cohen, E. G. D. and Merlino, R. L.},
  title      = {Clausius' entropy revisited},
  journal    = {Modern Physics Letters B. Condensed Matter Physics, Statistical Physics, Applied Physics},
  year       = {2014},
  volume     = {28},
  number     = {9},
  pages      = {1450073, 5},
  issn       = {0217-9849},
  doi        = {10.1142/S0217984914500730},
  keywords   = {80A10},
  mrnumber   = {3191666},
  mrreviewer = {Mois\'es Santill\'an},
}
		</pre>
		<pre>

@Article{Bermudez2013,
  author   = {Bermudez, Frank and Medina, Anthony and Rosin, Amber and Scott, Eren},
  title    = {Are stupid dice necessary?},
  journal  = {The College Mathematics Journal},
  year     = {2013},
  volume   = {44},
  number   = {4},
  pages    = {315--322},
  issn     = {0746-8342},
  doi      = {10.4169/college.math.j.44.4.315},
  keywords = {00A08},
  mrnumber = {3096496},
}
		</pre>